@article{dong2019quantum,
  title={Quantum reinforcement learning},
  author={Dong, Daoyi and Chen, Chunlin and Li, Hanxiong and Tarn, Tzyh-Jong},
  journal={IEEE Transactions on Systems, Man, and Cybernetics: Systems},
  volume={38},
  number={6},
  pages={1207--1220},
  year={2019},
  publisher={IEEE}
}

@article{woerner2019quantum,
  title={Quantum finance: A quantum algorithm for portfolio optimization},
  author={Woerner, Stefan and Egger, Daniel J},
  journal={npj Quantum Information},
  volume={5},
  number={1},
  pages={1--8},
  year={2019},
  publisher={Nature Publishing Group}
}

@article{rebentrost2018quantum,
  title={Quantum computational finance: Monte Carlo pricing of financial derivatives},
  author={Rebentrost, Patrick and Gupt, Brajesh and Bromley, Thomas R},
  journal={Physical Review A},
  volume={98},
  number={2},
  pages={022321},
  year={2018},
  publisher={APS}
}

@article{schuld2015introduction,
  title={An introduction to quantum machine learning},
  author={Schuld, Maria and Sinayskiy, Ilya and Petruccione, Francesco},
  journal={Contemporary Physics},
  volume={56},
  number={2},
  pages={172--185},
  year={2015},
  publisher={Taylor \& Francis}
}

@misc{ibmq2023,
  title={IBM Quantum Systems Documentation},
  author={IBM},
  year={2023},
  note={\url{https://quantum-computing.ibm.com/docs/}}
}
